@article{Ranjard,
author = {Ranjard, Louis and Ross, Howard},
year = {2008},
month = {07},
pages = {4358-68},
title = {Unsupervised bird song syllable classification using evolving neural networks},
volume = {123},
journal = {The Journal of the Acoustical Society of America},
doi = {10.1121/1.2903861}
}

@article{Stowell,
  doi = {10.1111/2041-210x.13103},
  url = {https://doi.org/10.1111/2041-210x.13103},
  year = {2018},
  month = nov,
  publisher = {Wiley},
  volume = {10},
  number = {3},
  pages = {368--380},
  author = {Dan Stowell and Michael D. Wood and Hanna Pamu{\l}a and Yannis Stylianou and Herv{\'{e}} Glotin},
  editor = {David Orme},
  title = {Automatic acoustic detection of birds through deep learning: The first Bird Audio Detection challenge},
  journal = {Methods in Ecology and Evolution}
}

@article{Johnston,
  doi = {10.1038/nclimate2035},
  url = {https://doi.org/10.1038/nclimate2035},
  year = {2013},
  month = nov,
  publisher = {Springer Science and Business Media {LLC}},
  volume = {3},
  number = {12},
  pages = {1055--1061},
  author = {Alison Johnston and Malcolm Ausden and Andrew M. Dodd and Richard B. Bradbury and Dan E. Chamberlain and Fr{\'{e}}d{\'{e}}ric Jiguet and Chris D. Thomas and Aonghais S. C. P. Cook and Stuart E. Newson and Nancy Ockendon and Mark M. Rehfisch and Staffan Roos and Chris B. Thaxter and Andy Brown and Humphrey Q. P. Crick and Andrew Douse and Rob A. McCall and Helen Pontier and David A. Stroud and Bernard Cadiou and Olivia Crowe and Bernard Deceuninck and Menno Hornman and James W. Pearce-Higgins},
  title = {Observed and predicted effects of climate change on species abundance in protected areas},
  journal = {Nature Climate Change}
}

@misc{Koh,
  year = {2019},
  url = {},
  author = {Chih-Yuan Koh, Jaw-Yuan Chang, Chiang-Lin Tai, Da-Yo Huang, Han-Hsing Hsieh, and Yi-Wen Liu1},
  title = {Bird Sound Classification using Convolutional Neural Networks}
}

@online{OAA,
  title = "Organización Aves Argentinas, y COA",
  url = "\url{https://www.avesargentinas.org.ar/quiénes-somos-0}",
  urldate = {2020-01-05}
}

%=======================
%         ML
%=======================

@article{Samuel,
  doi = {10.1147/rd.33.0210},
  url = {https://doi.org/10.1147/rd.33.0210},
  year = {1959},
  month = jul,
  publisher = {{IBM}},
  volume = {3},
  number = {3},
  pages = {210--229},
  author = {A. L. Samuel},
  title = {Some Studies in Machine Learning Using the Game of Checkers},
  journal = {{IBM} Journal of Research and Development}
}

% Alpha go
@article{Silver,
  doi = {10.1038/nature24270},
  url = {https://doi.org/10.1038/nature24270},
  year = {2017},
  month = oct,
  publisher = {Springer Science and Business Media {LLC}},
  volume = {550},
  number = {7676},
  pages = {354--359},
  author = {David Silver and Julian Schrittwieser and Karen Simonyan and Ioannis Antonoglou and Aja Huang and Arthur Guez and Thomas Hubert and Lucas Baker and Matthew Lai and Adrian Bolton and Yutian Chen and Timothy Lillicrap and Fan Hui and Laurent Sifre and George van den Driessche and Thore Graepel and Demis Hassabis},
  title = {Mastering the game of Go without human knowledge},
  journal = {Nature}
}

% Starcraft
@misc{peng,
    title={Multiagent Bidirectionally-Coordinated Nets: Emergence of Human-level Coordination in Learning to Play StarCraft Combat Games},
    author={Peng Peng and Ying Wen and Yaodong Yang and Quan Yuan and Zhenkun Tang and Haitao Long and Jun Wang},
    year={2017},
    eprint={1703.10069},
    archivePrefix={arXiv},
    primaryClass={cs.AI}
}

% YouTube
@inproceedings{Covington,
  doi = {10.1145/2959100.2959190},
  url = {https://doi.org/10.1145/2959100.2959190},
  year = {2016},
  publisher = {{ACM} Press},
  author = {Paul Covington and Jay Adams and Emre Sargin},
  title = {Deep Neural Networks for {YouTube} Recommendations},
  booktitle = {Proceedings of the 10th {ACM} Conference on Recommender Systems - {RecSys} {\textquotesingle}16}
}

% DeepFake
@article{Schwartz,
 author  = {Schwartz, Oscar},
 date    = {2018-11-12},
 title   = {You thought fake news was bad? Deep fakes are where truth goes to die},
 journal = {The Guardian},
 url     = {https://www.theguardian.com/technology/2018/nov/12/deep-fakes-fake-news-truth},
 urldate = {2020-01-12}
}

%Netflix
@article{Bell,
  doi = {10.1145/1345448.1345465},
  url = {https://doi.org/10.1145/1345448.1345465},
  year = {2007},
  month = dec,
  publisher = {Association for Computing Machinery ({ACM})},
  volume = {9},
  number = {2},
  pages = {75},
  author = {Robert M. Bell and Yehuda Koren},
  title = {Lessons from the Netflix prize challenge},
  journal = {{ACM} {SIGKDD} Explorations Newsletter}
}

%=======================
%       Concursos
%=======================

@online{DCASE,
  title = "Competencias \textit{Bird Audio Detection}, organizadas anualmente desde 2016 por \textit{Detection and Classification of Acoustic Scenes and Events}: DCASE.",
  url = "\url{http://dcase.community}",
  note = {2020-01-12}
}

@online{Kaggle,
  title = "Competencia anual de clasificación de Kaggle, que en 2013 consistió en clasificación de cantos de aves",
  url = "\url{https://www.kaggle.com/c/mlsp-2013-birds}",
  urldate  = {2020-01-12}
}

@online{NIPS4B,
  title = "Competencia anual de \textit{Neural Information Processing Scaled for Bioacoustics}: NIPS4B, que en 2013 consistió en clasificación de cantos de aves.",
  url = "\url{https://figshare.com/articles/Transcriptions_of_NIPS4B_2013_Bird_Challenge_Training_Dataset/6798548}",
  urldate  = {2020-01-12}
}

@online{MLL,
  title = "Versión extendida de la competencia \textit{Bird Audio Detection} organizada por DCASE\cite{DCASE} en colaboración con \textit{IEEE Signal Processing Society}.",
  url = "\url{http://machine-listening.eecs.qmul.ac.uk/bird-audio-detection-challenge/}",
  urldate  = {2020-01-12}
}

@online{BirdCLEF,
  title = "Competencia anual \textit{BirdCLEF} organizada por \textit{Cross Language Evaluation Forum}: CLEFF.",
  url = "\url{https://www.imageclef.org/BirdCLEF2019}",
  urldate  = {2020-01-12}
}